<record><leader>00000cas a22000007a 4500</leader><controlfield tag="001">17063536</controlfield><controlfield tag="008">871125d19231927ohudn ne      0    0eng d</controlfield><datafield ind1=" " ind2=" " tag="010"><subfield code="a">sn 87075060 </subfield></datafield><datafield ind1=" " ind2=" " tag="040"><subfield code="a">ONP</subfield><subfield code="b">eng</subfield><subfield code="c">ONP</subfield><subfield code="d">OCLCQ</subfield></datafield><datafield ind1=" " ind2=" " tag="042"><subfield code="a">msc</subfield></datafield><datafield ind1="0" ind2=" " tag="130"><subfield code="a">Marietta register (Marietta, Ohio : 1923)</subfield></datafield><datafield ind1="1" ind2="4" tag="245"><subfield code="a">The Marietta register.</subfield></datafield><datafield ind1=" " ind2=" " tag="260"><subfield code="a">Marietta, Ohio :</subfield><subfield code="b">Marietta Register Co.,</subfield><subfield code="c">1923-1927.</subfield></datafield><datafield ind1=" " ind2=" " tag="310"><subfield code="a">Daily (except Sun.)</subfield></datafield><datafield ind1="0" ind2=" " tag="362"><subfield code="a">Vol. 1, no. 1 (Oct. 15, 1923)-v. 4, no. 187 (May 14, 1927).</subfield></datafield><datafield ind1=" " ind2=" " tag="752"><subfield code="a">United States</subfield><subfield code="b">Ohio</subfield><subfield code="c">Washington</subfield><subfield code="d">Marietta.</subfield></datafield><datafield ind1="0" ind2="0" tag="780"><subfield code="t">Register-leader</subfield><subfield code="w">(DLC)sn 84028535</subfield></datafield><datafield ind1="0" ind2="4" tag="785"><subfield code="t">Marietta daily times</subfield><subfield code="w">(DLC)sn 84028536</subfield></datafield></record>